4058 4906
360 196 408 261 ‘20

1902 272 1924 303 ἱ

358 400 473 480 oportit
496 399 560 463 uini
583 398 695 463 olierro
717 401 872 479 potionem
905 400 1049 479 suptilem
1079 407 1112 465 et
1142 402 1271 465 robenm
1300 406 1333 464 et
1362 404 1518 479 ueterom3
1549 400 1650 483 magis
1673 400 1700 465 si
1723 398 1822 467 luerit
1844 400 1956 477 senior,

357 506 465 569 niumn
489 506 579 569 dauis
601 524 658 586 per
680 506 819 585 singulas
842 505 903 569 cibi
927 507 1119 587 acceptiones
1144 512 1175 569 ct
1199 508 1299 589 inagis
1322 507 1351 570 ia
1376 506 1614 571 declinationem
1638 504 1675 589 (l.
1695 506 1775 587 13⁸).
1814 508 1958 575 Calamo-

358 618 472 675 uentur
495 630 570 675 uero
594 613 784 676 accessiones
815 631 853 675 ex
883 611 931 674 his
954 612 1137 676 humoribus
1166 632 1224 693 per
1253 613 1392 691 simplos
1415 614 1481 677 dies
1504 618 1537 677 et
1559 614 1661 697 magis
1683 614 1725 679 ad
1747 632 1887 697 uespera
1907 612 1957 679 uel

358 724 460 783 noctu.
507 718 588 782 Nam
612 738 632 782 a
655 736 746 783 mano
769 736 867 798 risque
891 718 932 782 ad
956 719 1085 782 meridie
1107 719 1193 783 nulla
1215 720 1379 800 patiuntur
1401 722 1616 785 mrruuotione.

322 952 337 1001 5
464 932 598 995 XXVII.
644 930 794 995 t'iALINI
826 931 882 994 nr.
913 930 1105 996 SINCOPIS
1137 930 1286 996 FACTIS
1317 932 1376 996 EX
1400 931 1696 997 PLENI'I'VIIINE
1720 932 1956 1001 SVPTILIVII

361 1037 588 1102 ilva-toarni.

464 1144 497 1207 Sl
520 1152 626 1208 autem
649 1164 686 1208 ex
710 1144 816 1225 suptili
839 1143 970 1207 lmmoro
993 1144 1119 1223 sincopii
1143 1142 1232 1221 fiunt,
1256 1144 1377 1209 curatio
1399 1144 1579 1211 adhibenda
1600 1150 1650 1211 est
1671 1146 1833 1211 contraria
1846 1164 1959 1229 supra·

358 1249 460 1313 dictae
483 1250 617 1330 passioni
641 1256 673 1314 et
695 1250 853 1315 nutriendi
884 1254 956 1313 sunt
985 1250 1137 1329 paulatim
1167 1255 1200 1313 et
1228 1248 1419 1330 frequenter.
1466 1252 1519 1316 IIii
1541 1253 1636 1317 etiam
1659 1252 1852 1317 insanabiles
1874 1258 1958 1329 snut,

358 1356 384 1418 si
408 1374 485 1435 epar
508 1374 615 1420 eorum
640 1362 695 1421 aut
718 1362 829 1421 uenter
852 1356 1053 1439 degmonem,
1084 1357 1166 1420 idest
1195 1354 1351 1420 feruorem
1380 1357 1431 1421 uel
1461 1356 1736 1424 inflammationem
1767 1358 1959 1423 Incurrerint

308 1484 341 1532 ιο
360 1467 569 1539 :reprotantus
615 1463 778 1527 Deficienti
810 1462 891 1525 enim
923 1462 983 1526 iam
1015 1462 1132 1527 uirtute
1161 1462 1193 1525 in
1217 1462 1272 1526 tali
1295 1462 1439 1543 passIone
1461 1470 1494 1528 et
1516 1464 1650 1543 nigrum,
1674 1464 1764 1529 belut
1785 1470 1956 1541 mortuum,

359 1567 464 1631 uultus
487 1568 527 1631 sit
549 1570 743 1646 constitutus,
768 1569 871 1632 cibum
896 1569 1051 1647 cogendus
1075 1574 1123 1631 est
1146 1568 1295 1649 accipere,
1321 1573 1358 1631 at
1383 1569 1531 1635 densetur
1546 1570 1627 1635 cutis
1642 1568 1833 1653 superficies,
1849 1589 1958 1651 quem·

359 1674 526 1737 adruoclum
551 1675 581 1737 in
605 1675 752 1739 antdatis
776 1674 1023 1739 rurcfaciendam
1047 1675 1180 1738 dixiums
1203 1680 1317 1739 cutem.
1365 1676 1400 1740 In
1425 1676 1473 1739 bis
1497 1694 1572 1742 uero
1595 1676 1758 1741 densanda
1771 1682 1831 1755 ost,
1855 1678 1912 1743 sed
1926 1682 1958 1741 et

358 1799 462 1844 aerem
493 1800 550 1862 pro
580 1781 640 1845 bae
671 1799 705 1845 re
728 1780 876 1862 frigidam
900 1780 1030 1844 iacimus
1059 1782 1244 1861 praeparari
1267 1788 1299 1844 ct
1322 1782 1510 1863 unguendus
1532 1787 1581 1847 est
1603 1782 1671 1847 oleo
1693 1783 1819 1865 stiptioo
1841 1794 1875 1849 et
1897 1784 1957 1849 eibi

358 1888 452 1951 ‹larrdi
476 1894 557 1961 sunt,
582 1888 634 1968 qui
658 1906 718 1951 uon
742 1888 819 1952 satis
843 1886 1031 1951 rarciaciant
1053 1905 1174 1967 corpus,
1199 1886 1253 1951 sed
1278 1886 1407 1951 ualeant
1428 1888 1632 1969 conspissare,
1656 1888 1764 1969 qualia
1778 1895 1854 1955 sunt
1867 1890 1958 1973 panis

307 2016 339 2065 ιιι
358 2000 390 2057 ct
413 1995 511 2058 aulicae
534 1994 718 2057 soruitiones
742 2000 774 2057 et
796 2013 889 2075 poma
912 1998 1094 2057 sumerset
1117 2012 1171 2068 ea,
1204 2011 1285 2073 qrrae
1314 1992 1438 2057 difficile
1454 2000 1707 2077 corrmnpantnr,
1731 2000 1766 2059 et
1786 1996 1856 2061 sine
1876 2014 1959 2079 parm

358 2101 463 2164 danda
486 2106 558 2164 scant
581 2106 613 2165 et
636 2120 706 2165 cunr
729 2118 822 2181 pano.
870 2100 983 2163 Ilanda
1005 2106 1077 2163 sunt
1100 2099 1196 2180 igitar
1218 2099 1263 2163 eis
1286 2118 1348 2163 oua
1370 2105 1403 2163 ot
1421 2101 1555 2165 maximo
1569 2100 1678 2165 uitello
1693 2100 1845 2183 ipsarum,
1868 2102 1959 2167 clauis

359 2207 452 2270 ctiam
477 2211 509 2270 et
531 2207 699 2271 cerebellos
722 2208 874 2287 porcinos.
920 2206 1122 2271 Necessarins
1145 2206 1227 2271 enirn
1250 2212 1299 2270 est
1321 2207 1367 2269 eis
1389 2212 1422 2271 et
1444 2225 1580 2288 aquosus
1595 2213 1628 2271 et
1642 2206 1733 2273 albus
1748 2208 1864 2275 uinus:
1888 2228 1959 2273 mox

360 2312 551 2393 aprnrcipio
574 2318 607 2375 et
629 2331 723 2394 sapor
746 2314 830 2377 cibos
854 2314 947 2377 datus
970 2330 1049 2376 nene
1073 2312 1158 2377 iacit.

466 2524 617 2588 XXVIII.
662 2524 722 2588 EX
745 2523 858 2589 ALIIS
883 2524 1192 2590 OCCASIONIBVS
1216 2524 1370 2603 QVIBVS
1395 2524 1526 2589 FIVNT
1550 2524 1718 2593 SINCOPI
1741 2526 1907 2593 samm.

306 2655 341 2705 20
466 2630 546 2695 Stant
575 2638 680 2695 autem
711 2638 744 2695 et
773 2632 854 2696 culae
883 2632 1074 2709 occasiones,
1106 2652 1144 2695 es
1175 2632 1288 2712 quillus
1311 2630 1390 2695 tiurrt
1415 2631 1543 2713 sincopi,
1567 2636 1732 2713 quattuor,
1763 2634 1848 2698 idest
1870 2634 1958 2701 dolor

357 2738 485 2813 nlmias,
516 2737 731 2815 insomnietas,
764 2738 927 2802 euacuatio
950 2738 1088 2819 corporis
1118 2738 1217 2801 multa
1240 2737 1347 2817 etqui
1370 2738 1401 2801 ia
1426 2737 1547 2803 lronese
1570 2738 1720 2803 incidunt.
1766 2740 1826 2805 Est
1848 2742 1958 2823 ntique

359 2844 476 2924 quinta,
501 2844 527 2907 si
551 2844 667 2907 addere
691 2845 881 2908 uoluerimus
904 2845 1192 2926 distemperantiam
1215 2844 1411 2925 principium.
1458 2844 1539 2909 Nam
1563 2846 1625 2909 cito
1650 2846 1682 2909 in
1704 2846 1958 2931 perditionelue-

359 2950 447 3013 aiunt
476 2952 516 3014 de
544 2951 646 3015 cordis
676 2951 981 3032 distemperantiam,
1012 2952 1123 3015 deinde
1154 2951 1189 3023 d.
1218 2952 1284 3031 13¹7)
1315 2950 1447 3015 cerebri.
1494 2950 1629 3017 Tardius
1660 2958 1766 3017 nartem
1796 2952 1834 3017 lit
1865 2960 1959 3037 epate

358 3058 581 3137 distemperata
604 3058 736 3122 bominis
759 3057 903 3138 perdit-io.

305 3294 339 3343 ις,
467 3270 634 3334 XXVIIII.
680 3270 737 3333 DE
763 3270 1016 3336 uotoruurs

466 3376 644 3458 Stupendus
674 3376 770 3458 igltur
800 3377 887 3441 dolor
918 3382 950 3440 ct
979 3397 1050 3441 cum
1081 3382 1206 3457 torpore
1237 3384 1269 3441 et
1298 3377 1437 3459 frigdore
1466 3376 1608 3442 efficitur.
1655 3378 1734 3443 Cum
1763 3376 1857 3460 pulsu
1881 3398 1958 3445 nero

358 3482 446 3547 dolor
468 3484 612 3564 proprius
636 3490 683 3546 est.
707 3484 817 3565 grandi
842 3482 1087 3548 inllanunati0ni.
1135 3483 1168 3547 Si
1191 3490 1306 3561 antoni,
1331 3490 1368 3547 ut
1390 3484 1479 3564 spina
1494 3483 1597 3561 infixa,
1622 3484 1663 3547 sit
1677 3484 1765 3548 dolor
1779 3490 1838 3549 aut
1852 3486 1957 3569 Ipsum

358 3589 475 3667 locum,
508 3590 588 3655 sicut
616 3590 770 3653 terebrari
801 3590 963 3667 uideatur,
995 3590 1040 3653 ita
1070 3590 1200 3663 sentiat,
1229 3590 1288 3654 boc
1317 3590 1424 3671 pingui
1447 3590 1593 3655 intestino
1615 3590 1760 3671 proprius
1782 3590 1875 3657 dolor
1897 3598 1958 3659 est.

358 3698 447 3775 Quod
469 3698 496 3761 si
519 3716 589 3761 earn
613 3698 779 3778 pmretionc
801 3699 843 3761 sit
858 3698 953 3775 dolor,
979 3697 1009 3760 in
1026 3698 1216 3761 membranis
1232 3698 1381 3762 consistat
1395 3714 1521 3761 necesse
1536 3700 1594 3761 est.
1640 3696 1833 3763 Percurrens
1848 3704 1957 3765 autem

305 3825 340 3875 so
358 3804 446 3867 dolor
468 3804 508 3868 de
530 3804 595 3869 loco
619 3805 649 3867 in
673 3804 739 3869 loco
764 3804 824 3867 alio
848 3804 906 3869 boc
929 3803 1109 3885 contingere
1137 3804 1208 3867 solit
1237 3823 1297 3868 non
1330 3804 1359 3867 in
1390 3802 1570 3883 errrigraniis
1600 3802 1689 3881 solis,
1714 3802 1770 3867 sed
1792 3808 1827 3867 et
1847 3804 1958 3887 capili.

359 3911 417 3973 Est
440 3916 545 3975 aaron
569 3930 771 3991 percurrens,
803 3911 927 3991 quando
958 3909 1046 3973 rrclnt
1076 3928 1113 3972 eu
1144 3909 1300 3973 radicibus
1331 3910 1458 3991 incipiat
1487 3926 1526 3972 ex
1554 3908 1655 3989 primo
1676 3908 1810 3989 patienti
1832 3910 1902 3977 loeo
1924 3918 1959 3979 et

358 4024 524 4097 percurrat
546 4018 657 4081 exinde
680 4018 710 4081 iu
735 4018 797 4081 alia
821 4018 897 4081 loca.
945 4018 1022 4080 (ῑιιιιι
1053 4016 1193 4079 tensione
1223 4016 1319 4095 igitur
1342 4017 1366 4079 si
1391 4014 1428 4080 sc.
1449 4014 1551 4091 dolor,
1580 4034 1618 4079 ex
1648 4022 1856 4097 ntrommqne
1886 4036 1959 4085 uer·

359 4144 468 4187 uorum
492 4124 557 4187 loca
583 4125 731 4205 procedit,
756 4122 990 4205 propterquod
1014 4127 1044 4185 et
1069 4122 1207 4185 tenditur
1231 4124 1271 4187 ab
1296 4127 1446 4202 utrasque
1469 4122 1556 4187 iiues.
1602 4122 1707 4187 blinns
1725 4128 1849 4199 aulem,
1873 4124 1902 4191 si
1925 4126 1957 4191 in

465 4354 653 4423 &supradicto
692 4356 723 4406 15
742 4370 812 4421 pane
833 4368 867 4405 ne
886 4351 976 4406 clauda
